% Bibliografía

% Este fichero contiene la bibliografía de la memoria
% Está en un formato que se conoce como BibTex.
% Hay muchos sitios web que exportan referencias en formato BibTeX. 
% Prueba a buscar en http://scholar.google.com por referencias
% y verás que lo puedes hacer de manera sencilla.
% Más información: 
% http://texblog.org/2014/04/22/using-google-scholar-to-download-bibtex-citations/

% Existen varias posibilidades para referenciar diferentes tipos de documentos,
% ya que los datos necesarios varían. Así, existen formatos de entrada para
%     * libros (book)
%     * artículos en revistas de investigación (article)
%     * capítulos de libro (incollection)
%     * informes técnicos (techreport)
%     * otros (misc)
%
% Las páginas web deberían ir como misc.

% Una última cosa: no referencias nunca la WikiPedia
% La WikiPedia, como buena enciclopedia, no es fuente primaria.
% Si acaso, busca por citas en la WikiPedia (que sí ha de referenciar fuentes
% primarias) y haz referencia a las mismas.

@incollection{peters2010zen,
  title={The zen of Python},
  author={Peters, Tim},
  booktitle={Pro Python},
  pages={301--302},
  year={2010},
  publisher={Springer}
}


@book{mckinney2012python,
  title={Python for data analysis: Data wrangling with Pandas, NumPy, and IPython},
  author={McKinney, Wes},
  year={2012},
  pages={111--112},
  publisher={O'Reilly Media, Inc.}
}


@book{banker2011mongodb,
  title={MongoDB in action},
  author={Banker, Kyle},
  year={2011},
  pages={3--28},
  publisher={Manning Publications Co.}
}


@inproceedings{Gousi13,
  author = {Gousios, Georgios},
  title = {The {GHTorrent} dataset and tool suite},
  booktitle = {Proceedings of the 10th Working Conference on Mining Software Repositories},
  series = {MSR '13},
  year = {2013},
  isbn = {978-1-4673-2936-1},
  location = {San Francisco, CA, USA},
  pages = {233--236},
  numpages = {4},
  url = {http://dl.acm.org/citation.cfm?id=2487085.2487132},
  acmid = {2487132},
  publisher = {IEEE Press},
  address = {Piscataway, NJ, USA},
}


@misc{raymondhettinger,
  title={Raymond {Hettinger} pyvideo},
  author={Raymond Hettinger},
  note={http://pyvideo.org/speaker/138/raymond-hettinger}
}



@book{lutz2014pythonlistcomp,
  title={Python pocket reference},
  author={Lutz, Mark},
  year={2014},
  publisher={O'Reilly Media, Inc.}
}

@book{ramalho2015fluent,
  title={Fluent Python},
  author={Ramalho, Luciano},
  year={2015},
  publisher={O'Reilly Media, Inc.}
}

@book{Browning:2014:PP:2723813,
 author = {Browning, J. Burton and Alchin, Marty},
 title = {Pro Python},
 year = {2014},
 isbn = {1484203356, 9781484203354},
 edition = {2nd},
 pages = {76--87},
 publisher = {Apress},
 address = {Berkely, CA, USA},
} 


@misc{magic_methods,
  title={A Guide to Python's Magic Methods},
  author={Rafe Kettler},
  note={http://www.rafekettler.com/magicmethods.html}
}

@book{lubanovic2014introducing,
  title={Introducing Python: modern computing in simple packages},
  author={Lubanovic, Bill},
  year={2014},
  publisher={O'Reilly Media, Inc.}
}

@misc{with_statement,
  title={The Python "with" Statement by Example},
  author={Jeff Preshing},
  note={http://preshing.com/20110920/the-python-with-statement-by-example/}
}

@misc{lambda,
  title={Python: Lambda Functions},
  author={Oliver Fromme},
  note={http://www.secnetix.de/olli/Python/lambda\_functions.hawk}
}


@misc{pep227,
  title={Statically Nested Scopes ({PEP-227})},
  author={Jeremy Hylton},
  note={https://www.python.org/dev/peps/pep-0227/}
}

