@inproceedings{coplien1997advanced,
  title={Advanced C++ programming styles and idioms},
  author={Coplien, James},
  booktitle={Technology of Object-Oriented Languages and Systems, 1997. TOOLS 25, Proceedings},
  pages={352--352},
  year={1997},
  organization={IEEE}
}

@inproceedings{gousios2012ghtorrent,
  title={GHTorrent: GitHub's data from a firehose},
  author={Gousios, Georgios and Spinellis, Diomidis},
  booktitle={Mining software repositories (msr), 2012 9th ieee working conference on},
  pages={12--21},
  year={2012},
  organization={IEEE}
}

@book{mckinney2012python,
  title={Python for data analysis: Data wrangling with Pandas, NumPy, and IPython},
  author={McKinney, Wes},
  year={2012},
  publisher={O'Reilly Media, Inc.}
}

@article{el2015dr,
  title={Dr. Scratch: Automatic Analysis of Scratch Projects to Assess and Foster Computational Thinking},
  author={Jesus Moreno-Leon and Gregorio Robles and Marcos Roman-Gonzalez},
  journal={RED. Revista de Educaci{\'o}n a Distancia},
  volume={15},
  number={46},
  year={2015}
}

@book{brown1998antipatterns,
  title={AntiPatterns: refactoring software, architectures, and projects in crisis},
  author={Brown, William H and Malveau, Raphael C and McCormick, Hays W and Mowbray, Thomas J},
  year={1998},
  publisher={John Wiley \& Sons, Inc.}
}


@inproceedings{van2007python,
  title={Python Programming Language.},
  author={Van Rossum, Guido and others},
  booktitle={USENIX Annual Technical Conference},
  volume={41},
  year={2007}
}

